<record><leader>00000cas a22000007a 4500</leader><controlfield tag="001">15242347</controlfield><controlfield tag="008">870226d185318uulauwr ne      0    0eng d</controlfield><controlfield tag="009">6576</controlfield><datafield ind1=" " ind2=" " tag="010"><subfield code="a">sn 86090959 </subfield></datafield><datafield ind1=" " ind2=" " tag="040"><subfield code="a">PPM</subfield><subfield code="b">eng</subfield><subfield code="c">PPM</subfield><subfield code="d">DLC</subfield></datafield><datafield ind1=" " ind2=" " tag="042"><subfield code="a">msc</subfield></datafield><datafield ind1="0" ind2="4" tag="245"><subfield code="a">The Tensas herald and Jefferson gazette.</subfield></datafield><datafield ind1="0" ind2="3" tag="246"><subfield code="a">Herald and gazette</subfield></datafield><datafield ind1=" " ind2=" " tag="260"><subfield code="a">St. Joseph, La. :</subfield><subfield code="b">Andrew Marschalk,</subfield><subfield code="c">1853-</subfield></datafield><datafield ind1=" " ind2=" " tag="310"><subfield code="a">Weekly</subfield></datafield><datafield ind1="0" ind2=" " tag="362"><subfield code="a">Vol. 1, no. 11 (Jan. 22, 1853)-</subfield></datafield><datafield ind1=" " ind2=" " tag="500"><subfield code="a">Continues numbering of Rodney phoenix and Jefferson gazette.</subfield></datafield><datafield ind1=" " ind2=" " tag="752"><subfield code="a">United States</subfield><subfield code="b">Louisiana</subfield><subfield code="c">Tensas</subfield><subfield code="d">St. Joseph.</subfield></datafield><datafield ind1=" " ind2=" " tag="752"><subfield code="a">United States</subfield><subfield code="b">Louisiana</subfield><subfield code="c">Tensas</subfield><subfield code="d">Waterproof.</subfield></datafield><datafield ind1=" " ind2=" " tag="752"><subfield code="a">United States</subfield><subfield code="b">Mississippi</subfield><subfield code="c">Claiborne</subfield><subfield code="d">Rodney.</subfield></datafield><datafield ind1="0" ind2="0" tag="780"><subfield code="t">Rodney phoenix and Jefferson gazette</subfield><subfield code="w">(DLC)sn86090964</subfield></datafield></record>